10400000         2006652990001010000000000000000000002003661613400000000ESC.ADM.REN.CARISM.CAT BRASIL CAIXA ECONOMICA FEDERAL                 52211202317103000039605000000REMESSA REJEITADA   RET PRE CRI-PRODUCAO                             
10400001T0100030 2000665299000101                    020036616134        ESC.ADM.REN.CARISM.CAT BRASIL                                                                                 00000396221120230000000000                          00   
1040000300001T 260000000000000000000   0000000000000000000               00000000              0000000000                         000000000000000000                                                  00000000000000088                         
1040000300002U 260000000000000000000000000000000000000000000000000000000000000000000000000000000000000000000000000000000000000000000000002211202300000000            000000000000000000001                        000                           
10400005         00000400000000000000000000000000000000000000000000000000000000000000000000000000000000000000000000                                                                                                                             
10499999         000001000006                                                                                                                                                                                                                   
